<record><leader>00000cas a2200000 a 4500</leader><controlfield tag="001">15103520</controlfield><controlfield tag="008">870123d18931912kyucr ne      0    0eng d</controlfield><datafield ind1=" " ind2=" " tag="010"><subfield code="a">sn 87060026 </subfield></datafield><datafield ind1=" " ind2=" " tag="040"><subfield code="a">KNP</subfield><subfield code="b">eng</subfield><subfield code="c">KNP</subfield><subfield code="d">OCL</subfield><subfield code="d">OCLCQ</subfield><subfield code="d">KYUBL</subfield><subfield code="d">OCLCQ</subfield><subfield code="d">OCLCF</subfield><subfield code="d">OCLCO</subfield></datafield><datafield ind1=" " ind2=" " tag="042"><subfield code="a">msc</subfield></datafield><datafield ind1=" " ind2=" " tag="043"><subfield code="a">n-us-ky</subfield></datafield><datafield ind1="0" ind2=" " tag="130"><subfield code="a">Hustler (Madisonville, Ky. : 1893 : Weekly)</subfield></datafield><datafield ind1="1" ind2="4" tag="245"><subfield code="a">The hustler.</subfield></datafield><datafield ind1=" " ind2=" " tag="260"><subfield code="a">Madisonville, Ky. :</subfield><subfield code="b">Hustler Pub. Co.,</subfield><subfield code="c">-1912.</subfield></datafield><datafield ind1=" " ind2=" " tag="300"><subfield code="a">v. :</subfield><subfield code="b">ill.</subfield></datafield><datafield ind1=" " ind2=" " tag="310"><subfield code="a">Semiweekly,</subfield><subfield code="b">&lt;Jan. 2-Feb. 6, 1912&gt;</subfield></datafield><datafield ind1=" " ind2=" " tag="321"><subfield code="a">Weekly,</subfield><subfield code="b">&lt;Dec. 1, 1893-&gt;</subfield></datafield><datafield ind1="1" ind2=" " tag="362"><subfield code="a">Began in 1893.</subfield></datafield><datafield ind1="0" ind2=" " tag="362"><subfield code="a">-Feb. 6, 1912.</subfield></datafield><datafield ind1=" " ind2=" " tag="515"><subfield code="a">Volume numbering irregular.</subfield></datafield><datafield ind1=" " ind2=" " tag="515"><subfield code="a">Numbering dropped in?</subfield></datafield><datafield ind1=" " ind2=" " tag="588"><subfield code="a">Description based on: Vol. 6, no. 22 (Dec. 1, 1893).</subfield></datafield><datafield ind1=" " ind2="0" tag="651"><subfield code="a">Hopkins County (Ky.)</subfield><subfield code="v">Newspapers.</subfield></datafield><datafield ind1=" " ind2="0" tag="651"><subfield code="a">Madisonville (Ky.)</subfield><subfield code="v">Newspapers.</subfield></datafield><datafield ind1=" " ind2="7" tag="655"><subfield code="a">Newspapers.</subfield><subfield code="2">fast</subfield><subfield code="0">(OCoLC)fst01423814</subfield></datafield><datafield ind1=" " ind2="7" tag="651"><subfield code="a">Kentucky</subfield><subfield code="z">Hopkins County.</subfield><subfield code="2">fast</subfield><subfield code="0">(OCoLC)fst01208580</subfield></datafield><datafield ind1=" " ind2="7" tag="651"><subfield code="a">Kentucky</subfield><subfield code="z">Madisonville.</subfield><subfield code="2">fast</subfield><subfield code="0">(OCoLC)fst01217532</subfield></datafield><datafield ind1=" " ind2=" " tag="752"><subfield code="a">United States</subfield><subfield code="b">Kentucky</subfield><subfield code="c">Hopkins</subfield><subfield code="d">Madisonville.</subfield></datafield><datafield ind1="0" ind2=" " tag="775"><subfield code="t">Daily hustler (Madisonville, Ky. : 1895)</subfield><subfield code="w">(DLC)sn 87060027</subfield></datafield><datafield ind1="0" ind2=" " tag="775"><subfield code="t">Daily hustler (Madisonville, Ky. : 1906)</subfield><subfield code="w">(DLC)sn 87060028</subfield></datafield><datafield ind1="0" ind2="0" tag="780"><subfield code="t">Madisonville hustler</subfield><subfield code="w">(DLC)sn 87060025</subfield></datafield><datafield ind1="0" ind2="0" tag="785"><subfield code="t">Twice a week hustler</subfield><subfield code="w">(DLC)sn 87060029</subfield></datafield></record>